<?xml version="1.0" encoding="UTF-8"?><record xmlns="http://www.loc.gov/MARC21/slim" xmlns:cinclude="http://apache.org/cocoon/include/1.0" xmlns:zs="http://www.loc.gov/zing/srw/">
  <leader>00442cz  a2200121n  4500</leader>
  <controlfield tag="001">n  88163277 </controlfield>
  <controlfield tag="003">DLC</controlfield>
  <controlfield tag="005">19890322060956.8</controlfield>
  <controlfield tag="008">890125n| acannaab|          |n aaa |||  </controlfield>
  <datafield tag="010" ind1=" " ind2=" ">
    <subfield code="a">n  88163277 </subfield>
  </datafield>
  <datafield tag="040" ind1=" " ind2=" ">
    <subfield code="a">DLC</subfield>
    <subfield code="c">DLC</subfield>
  </datafield>
  <datafield tag="100" ind1="1" ind2="0">
    <subfield code="a">Williams, Timothy</subfield>
    <subfield code="q">(Timothy D. W.)</subfield>
  </datafield>
  <datafield tag="670" ind1=" " ind2=" ">
    <subfield code="a">The Ability to pay, c1984 (1985 print.):</subfield>
    <subfield code="b">t.p. (Timothy Williams) t.p. verso (Timothy D.W. Williams; Ph. D. in communications, Univ. of Minn.; prof., Portland State Univ.)</subfield>
  </datafield>
</record>